@inproceedings{koroniotis2017towards,
  title={Towards developing network forensic mechanism for botnet activities in the iot based on machine learning techniques},
  author={Koroniotis, Nickolaos and Moustafa, Nour and Sitnikova, Elena and Slay, Jill},
  booktitle={International Conference on Mobile Networks and Management},
  pages={30--44},
  year={2017},
  organization={Springer}
}

@article{nawir2019effective,
  title={Effective and efficient network anomaly detection system using machine learning algorithm},
  author={Nawir, Mukrimah and Amir, Amiza and Yaakob, Naimah and Lynn, Ong Bi},
  journal={Bulletin of Electrical Engineering and Informatics},
  volume={8},
  number={1},
  pages={46--51},
  year={2019}
}

@inproceedings{moustafa2015unsw,
  title={{UNSW-NB15}: a comprehensive data set for network intrusion detection systems ({UNSW-NB15} network data set)},
  author={Moustafa, Nour and Slay, Jill},
  booktitle={Military communications and information systems conference (MilCIS)},
  address = {Canberra,  Australia},
  month= { 10-12 Nov.},
  pages={1--6},
  year={2015},
  organization={IEEE}
}

@inproceedings{hanif2019intrusion,
  title={Intrusion Detection In IoT Using Artificial Neural Networks On UNSW-15 Dataset},
  author={Hanif, Sohaib and Ilyas, Tuba and Zeeshan, Muhammad},
  booktitle={16th International Conference on Smart Cities: Improving Quality of Life Using ICT \& IoT and AI)},
  pages={152--156},
  year={2019},
  organization={IEEE}
}
@article{Kanimozhi2019UNSW-NB15,
author = {Kanimozhi, V. and Jacob, Prem},
year = {2019},
month = {01},
pages = {443-446},
title = {UNSW-NB15 dataset feature selection and network intrusion detection using deep learning},
volume = {7},
journal = {International Journal of Recent Technology and Engineering}
}

@inproceedings{suleiman2018performance,
title = "Performance Comparison of Intrusion Detection Machine Learning Classifiers on Benchmark and New Datasets",
author = "Mohammed Suleiman and Biju Issac",
year = {2018},
month = "10",
booktitle= {28th International Conference on Computer Theory and Application},
  pages={447--489},

}

@article{chalapathy2019deep,
  title={Deep learning for anomaly detection: A survey},
  author={Chalapathy, Raghavendra and Chawla, Sanjay},
  journal={arXiv preprint arXiv:1901.03407},
  year={2019}
}

@article{moustafa2019holistic,
  title={A holistic review of Network Anomaly Detection Systems: A comprehensive survey},
  author={Moustafa, Nour and Hu, Jiankun and Slay, Jill},
  journal={Journal of Network and Computer Applications},
  volume={128},
  pages={33--55},
  year={2019},
  publisher={Elsevier}
}

@incollection{moustafa2018anomaly,
  title={Anomaly detection system using beta mixture models and outlier detection},
  author={Moustafa, Nour and Creech, Gideon and Slay, Jill},
  booktitle={Progress in Computing, Analytics and Networking},
  pages={125--135},
  year={2018},
  publisher={Springer}
}

@article{meftah2019network,
  title={Network based intrusion detection using the UNSW-NB15 dataset},
  author={Meftah, Souhail and Rachidi, Tajjeeddine and Assem, Nasser},
  journal={International Journal of Computing and Digital Systems},
  volume={8},
  number={5},
  pages={478--487},
  year={2019},
  publisher={University of Bahrain}
}

@article{moustafa2016evaluation,
  title={The evaluation of Network Anomaly Detection Systems: Statistical analysis of the UNSW-NB15 data set and the comparison with the KDD99 data set},
  author={Moustafa, Nour and Slay, Jill},
  journal={Information Security Journal: A Global Perspective},
  volume={25},
  number={1-3},
  pages={18--31},
  year={2016},
  publisher={Taylor \& Francis}
}

@inproceedings{ke2017lightgbm,
  title={Lightgbm: A highly efficient gradient boosting decision tree},
  author={Ke, Guolin and Meng, Qi and Finley, Thomas and Wang, Taifeng and Chen, Wei and Ma, Weidong and Ye, Qiwei and Liu, Tie-Yan},
  booktitle={Advances in neural information processing systems},
  pages={3146--3154},
  year={2017}
}

@inproceedings{moustafa2015significant,
  title={The significant features of the UNSW-NB15 and the KDD99 data sets for network intrusion detection systems},
  author={Moustafa, Nour and Slay, Jill},
  booktitle={International workshop on building analysis datasets and gathering experience returns for security (BADGERS)},
  pages={25--31},
  year={2015},
  organization={IEEE}
}

@article{moustafa2017hybrid,
  title={A hybrid feature selection for network intrusion detection systems: Central points},
  author={Moustafa, Nour and Slay, Jill},
  journal={arXiv preprint arXiv:1707.05505},
  year={2017}
}

@inproceedings{viet2018using,
  title={Using deep learning model for network scanning detection},
  author={Viet, Hung Nguyen and Van, Quan Nguyen and Trang, Linh Le Thi and Nathan, Shone},
  booktitle={International Conference on Frontiers of Educational Technologies},
  pages={117--121},
  year={2018}
}

@article{meghdouri2018analysis,
  title={Analysis of Lightweight Feature Vectors for Attack Detection in Network Traffic},
  author={Meghdouri, Fares and Zseby, Tanja and Iglesias, F{\'e}lix},
  journal={Applied Sciences},
  volume={8},
  number={11},
  year={2018},
  publisher={Multidisciplinary Digital Publishing Institute}
}

@article{belouch2018performance,
  title={Performance evaluation of intrusion detection based on machine learning using Apache Spark},
  author={Belouch, Mustapha and El Hadaj, Salah and Idhammad, Mohamed},
  journal={Procedia Computer Science},
  volume={127},
  pages={1--6},
  year={2018},
  publisher={Elsevier}
}

@article{ahmed2016survey,
  title={A survey of network anomaly detection techniques},
  author={Ahmed, Mohiuddin and Mahmood, Abdun Naser and Hu, Jiankun},
  journal={Journal of Network and Computer Applications},
  volume={60},
  pages={19--31},
  year={2016},
  publisher={Elsevier}
}

@inproceedings{ahmed2014network,
  title={Network traffic analysis based on collective anomaly detection},
  author={Ahmed, Mohiuddin and Mahmood, Abdun Naser},
  booktitle={9th IEEE Conference on Industrial Electronics and Applications},
  address = {Hangzhou, China},
  month ={ 9-11 June,},
  pages={1141--1146},
  year={2014},
  organization={IEEE}
}


@inproceedings{casas2016machine,
  title={Machine-Learning Based Approaches for Anomaly Detection and Classification in Cellular Networks.},
  author={Casas, Pedro and Fiadino, Pierdomenico and D'Alconzo, Alessandro},
  booktitle={Traffic Monitoring and Analysis Workshop},
  address = {Louvain La Neuve, Belgium},
  month = {April},
  year={2016}
}

@article{kwon2017survey,
  title={A survey of deep learning-based network anomaly detection},
  author={Kwon, Donghwoon and Kim, Hyunjoo and Kim, Jinoh and Suh, Sang C and Kim, Ikkyun and Kim, Kuinam J},
  journal={Cluster Computing},
  pages={1--13},
  year={2017},
  publisher={Springer}
}

@article{vinayakumar2019deep,
  title={Deep learning approach for intelligent intrusion detection system},
  author={Vinayakumar, R and Alazab, Mamoun and Soman, KP and Poornachandran, Prabaharan and Al-Nemrat, Ameer and Venkatraman, Sitalakshmi},
  journal={IEEE Access},
  volume={7},
  pages={41525--41550},
  year={2019},
}

@inproceedings{bhamare2016feasibility,
  title={Feasibility of supervised machine learning for cloud security},
  author={Bhamare, Deval and Salman, Tara and Samaka, Mohammed and Erbad, Aiman and Jain, Raj},
  booktitle={International Conference on Information Science and Security},
  address = {Pattaya, Thailand },
  pages={1--5},
  year={2016},
  organization={IEEE}
}

@article{belouch2017two,
  title={A two-stage classifier approach using reptree algorithm for network intrusion detection},
  author={Belouch, Mustapha and El Hadaj, Salah and Idhammad, Mohamed},
  journal={International Journal of Advanced Computer Science and Applications},
  volume={8},
  number={6},
  pages={389--394},
  year={2017}
}

@article{dahiya2018network,
  title={Network intrusion detection in big dataset using Spark},
  author={Dahiya, Priyanka and Srivastava, Devesh Kumar},
  journal={Procedia computer science},
  volume={132},
  pages={253--262},
  year={2018},
  publisher={Elsevier}
}

@article{mogal2017nids,
  title={NIDS using machine learning classifiers on UNSW-NB15 and KDDCUP99 datasets},
  author={Mogal, Dipali Gangadhar and Ghungrad, Sheshnarayan R and Bhusare, Bapusaheb B},
  journal={International Journal of Advanced Research in Computer and Communication Engineering (IJARCCE)},
  volume={6},
  number={4},
  pages={533--537},
  year={2017}
}